%% This BibTeX bibliography file in UTF-8 format was created using Papers.
%% http://mekentosj.com/papers/

@article{Litvinenko:2007p4494,
author = {A Litvinenko}, 
journal = {dspace.utlib.ee},
title = {Automatic prediction of source code contribution type},
abstract = { There is a number of initiatives that are already trying to provide similar services: SourceKib- itzer [Soub],  [Ohl], Business Readiness Rating [Busa },
year = {2007},
month = {Jan},
date-added = {2009-06-05 16:51:02 +0200},
date-modified = {2009-06-05 16:51:03 +0200},
pmid = {related:7oTOE0Yk2asJ:scholar.google.com/},
URL = {http://dspace.utlib.ee/dspace/handle/10062/2620?mode=full},
local-url = {file://localhost/Users/henk/Documents/Papers/2007/Litvinenko/dspace.utlib.ee%202007%20Litvinenko.pdf},
uri = {papers://A66046C0-DBB4-40A6-BBD3-742E9E241BE6/Paper/p4494},
rating = {0}
}

